@inproceedings{cates2006entropy,
	title={Entropy-based particle systems for shape correspondence},
	author={Cates, Joshua and Meyer, Miriah and Fletcher, Thomas and Whitaker, Ross},
	booktitle={1st MICCAI Workshop on Mathematical Foundations of Computational Anatomy: Geometrical, Statistical and Registration Methods for Modeling Biological Shape Variability},
	pages={90--99},
	year={2006}
}
@inproceedings{cates2007shape,
	title={Shape modeling and analysis with entropy-based particle systems},
	author={Cates, Joshua and Fletcher, P Thomas and Styner, Martin and Shenton, Martha and Whitaker, Ross},
	booktitle={Information Processing in Medical Imaging},
	pages={333--345},
	year={2007},
	organization={Springer}
}
@incollection{cates2008particle,
	title={Particle-based shape analysis of multi-object complexes},
	author={Cates, Joshua and Fletcher, P Thomas and Styner, Martin and Hazlett, Heather Cody and Whitaker, Ross},
	booktitle={Medical Image Computing and Computer-Assisted Intervention--MICCAI 2008},
	pages={477--485},
	year={2008},
	publisher={Springer}
}

@article{oguz2015entropy,
	title={Entropy-based particle correspondence for shape populations},
	author={Oguz, Ipek and Cates, Josh and Datar, Manasi and Paniagua, Beatriz and Fletcher, Thomas and Vachet, Clement and Styner, Martin and Whitaker, Ross},
	journal={International Journal of Computer Assisted Radiology and Surgery},
	pages={1--12},
	year={2015},
	publisher={Springer}
}

@incollection{cates2017shapeworks,
	title={ShapeWorks: Particle-based shape correspondence and visualization software},
	author={ Cates, Joshua and Elhabian, Shireen and Whitaker, Ross},
	booktitle={Statistical Shape and Deformation Analysis: Methods, Implementation and
	Applications, 1st Edition},
	editor={ Guoyan Zheng and Shuo Li and Gabor Szekely},
	chapter={10},
	year={2017},
	publisher={Academic Press}
}

@inproceedings{oguz2008cortical,
	title={Cortical correspondence using entropy-based particle systems and local features},
	author={Oguz, Ipek and Cates, Joshua and Fletcher, Thomas and Whitaker, Ross and Cool, Derek and Aylward, Stephen and Styner, Martin},
	booktitle={Biomedical Imaging: From Nano to Macro, 2008. ISBI 2008. 5th IEEE International Symposium on},
	pages={1637--1640},
	year={2008},
	organization={IEEE}
}

@inproceedings{oguz2009cortical,
	title={Cortical correspondence with probabilistic fiber connectivity},
	author={Oguz, Ipek and Niethammer, Marc and Cates, Josh and Whitaker, Ross and Fletcher, Thomas and Vachet, Clement and Styner, Martin},
	booktitle={Information Processing in Medical Imaging},
	pages={651--663},
	year={2009},
	organization={Springer}
}

@incollection{datar2013geodesic,
	title={Geodesic distances to landmarks for dense correspondence on ensembles of complex shapes},
	author={Datar, Manasi and Lyu, Ilwoo and Kim, SunHyung and Cates, Joshua and Styner, Martin A and Whitaker, Ross},
	booktitle={Medical Image Computing and Computer-Assisted Intervention--MICCAI 2013},
	pages={19--26},
	year={2013},
	publisher={Springer}
}

@incollection{datar2009particle,
	title={Particle-based shape regression of open surfaces with applications to developmental neuroimaging},
	author={Datar, Manasi and Cates, Joshua and Fletcher, P Thomas and Gouttard, Sylvain and Gerig, Guido and Whitaker, Ross},
	booktitle={Medical Image Computing and Computer-Assisted Intervention--MICCAI 2009},
	pages={167--174},
	year={2009},
	publisher={Springer}
}

@inproceedings{sultana2016towards,
	title={Towards a statistical shape-aware deformable contour model for cranial nerve identification},
	author={Sultana, Sharmin and Agrawal, Praful and Elhabian, Shireen and Whitaker, Ross and Rashid, Tanweer and Blatt, Jason and Cetas, Justin and Audette, Michel},
	booktitle={Workshop on Clinical Image-Based Procedures},
	pages={68--76},
	year={2016},
	organization={Springer}
}

@inproceedings{cates2008shape,
	title={A shape analysis framework for small animal phenotyping with application to mice with a targeted disruption of hoxd11},
	author={Cates, Joshua and Fletcher, P Thomas and Warnock, Zachary and Whitaker, Ross},
	booktitle={Biomedical Imaging: From Nano to Macro, 2008. ISBI 2008. 5th IEEE International Symposium on},
	pages={512--515},
	year={2008},
	organization={IEEE}
}

@article{jones2013toward,
	title={Toward an understanding of the short bone phenotype associated with multiple osteochondromas},
	author={Jones, Kevin B and Datar, Manasi and Ravichandran, Sandhya and Jin, Huifeng and Jurrus, Elizabeth and Whitaker, Ross and Capecchi, Mario R},
	journal={Journal of Orthopaedic Research},
	volume={31},
	number={4},
	pages={651--657},
	year={2013},
	publisher={Wiley Online Library}
}

@article{harris2013statistical,
	title={Statistical shape modeling of cam femoroacetabular impingement},
	author={Harris, Michael D and Datar, Manasi and Whitaker, Ross T and Jurrus, Elizabeth R and Peters, Christopher L and Anderson, Andrew E},
	journal={Journal of Orthopaedic Research},
	volume={31},
	number={10},
	pages={1620--1626},
	year={2013},
	publisher={Wiley Online Library}
}


@article{atkins2016quantitative,
	title={Quantitative comparison of cortical bone thickness using correspondence-based shape modeling in patients with cam femoroacetabular impingement},
	author={Atkins, Penny R and Elhabian, Shireen and Agrawal, Praful and Harris, Michael D and Whitaker, Ross T and Weiss, Jeffrey A and Peters, Christopher L and Anderson, Andrew E},
	journal={Journal of Orthopaedic Research},
	year={2016},
	publisher={Wiley Online Library}
}

@article{cates2015computational,
	title={Computational shape models characterize shape change of the left atrium in atrial fibrillation},
	author={Cates, Joshua and Bieging, Erik and Morris, Alan and Gardner, Gregory and Akoum, Nazem and Kholmovski, Eugene and Marrouche, Nassir and McGann, Christopher and MacLeod, Rob S},
	journal={Clinical Medicine Insights. Cardiology},
	volume={8},
	number={Suppl 1},
	pages={99},
	year={2015},
	publisher={Libertas Academica}
}

@inproceedings{gardner2013point,
	title={A point-correspondence approach to describing the distribution of image features on anatomical surfaces, with application to atrial fibrillation},
	author={Gardner, Gregory and Morris, Art and Higuchi, Kenichi and MacLeod, Rob and Cates, Joshua},
	booktitle={Biomedical Imaging (ISBI), 2013 IEEE 10th International Symposium on},
	pages={226--229},
	year={2013},
	organization={IEEE}
}

@article{hansen2001model,
	title={Model selection and the principle of minimum description length},
	author={Hansen, Mark H and Yu, Bin},
	journal={Journal of the American Statistical Association},
	volume={96},
	number={454},
	pages={746--774},
	year={2001},
	publisher={Taylor \& Francis}
}

@article{sarkalkan2014statistical,
	title={Statistical shape and appearance models of bones},
	author={Sarkalkan, Nazli and Weinans, Harrie and Zadpoor, Amir A},
	journal={Bone},
	volume={60},
	pages={129--140},
	year={2014},
	publisher={Elsevier}
}

@article{zachow2015computational,
	title={Computational planning in facial surgery.},
	author={Zachow, Stefan},
	journal={Facial Plastic Surgery: FPS},
	volume={31},
	number={5},
	pages={446},
	year={2015}
}

@article{allen2008validity,
	title={Validity and reliability of active shape models for the estimation of Cobb angle in patients with adolescent idiopathic scoliosis},
	author={Allen, Shannon and Parent, Eric and Khorasani, Maziyar and Hill, Douglas L and Lou, Edmond and Raso, James V},
	journal={Journal of Digital Imaging},
	volume={21},
	number={2},
	pages={208--218},
	year={2008},
	publisher={Springer}
}

@inproceedings{ordas2007statistical,
	title={A statistical shape model of the heart and its application to model-based segmentation},
	author={Ordas, Sebastian and Oubel, Estanislao and Leta, Rub{\'e}n and Carreras, Francesc and Frangi, Alejandro F},
	booktitle={Medical Imaging},
	pages={65111K--65111K},
	year={2007},
	organization={International Society for Optics and Photonics}
}

@article{goodall1991procrustes,
	title={Procrustes methods in the statistical analysis of shape},
	author={Goodall, Colin},
	journal={Journal of the Royal Statistical Society. Series B (Methodological)},
	pages={285--339},
	year={1991},
	publisher={JSTOR}
}

@inproceedings{cates2008hypothesis,
	title={A hypothesis testing framework for high-dimensional shape models},
	author={Cates, Joshua and Fletcher, Thomas and Whitaker, Ross},
	booktitle={2nd MICCAI Workshop on Mathematical Foundations of Computational Anatomy},
	pages={170--181},
	year={2008}
}

